@article{angeris2020,
author = {Angeris and Chitra},
title = {Improved Price Oracles: Constant Function Market Makers},
year = {2020}
}

@article{stableswap2019,
author = {Michael Egorov},
title = {StableSwap - efficient mechanism for Stablecoin liquidity},
year = {2019}
}